<?xml version="1.0" encoding="UTF-8"?><record xmlns="http://www.loc.gov/MARC21/slim" xmlns:cinclude="http://apache.org/cocoon/include/1.0" xmlns:zs="http://www.loc.gov/zing/srw/">
  <leader>00447cz  a2200133n  4500</leader>
  <controlfield tag="001">n  85342107 </controlfield>
  <controlfield tag="003">DLC</controlfield>
  <controlfield tag="005">20080508075318.0</controlfield>
  <controlfield tag="008">860428n| acannaabn          |n ana      </controlfield>
  <datafield tag="010" ind1=" " ind2=" ">
    <subfield code="a">n  85342107 </subfield>
  </datafield>
  <datafield tag="035" ind1=" " ind2=" ">
    <subfield code="a">(OCoLC)oca01596311</subfield>
  </datafield>
  <datafield tag="040" ind1=" " ind2=" ">
    <subfield code="a">DNLM</subfield>
    <subfield code="b">eng</subfield>
    <subfield code="c">DLC</subfield>
    <subfield code="d">OCoLC</subfield>
  </datafield>
  <datafield tag="110" ind1="2" ind2=" ">
    <subfield code="a">Memorial Medical Center (Springfield, Ill.).</subfield>
    <subfield code="b">Media Resources</subfield>
  </datafield>
  <datafield tag="670" ind1=" " ind2=" ">
    <subfield code="a">The Category system of isolation [VR] c1985:</subfield>
    <subfield code="b">credit frame (Media Resources, Memorial Medical Center)</subfield>
  </datafield>
</record>